<record><leader>00000cas a22000007a 4500</leader><controlfield tag="001">13457589</controlfield><controlfield tag="008">860419d19071907nvumr ne      0    0eng d</controlfield><datafield ind1=" " ind2=" " tag="010"><subfield code="a">sn 86091334 </subfield></datafield><datafield ind1=" " ind2=" " tag="040"><subfield code="a">UNP</subfield><subfield code="b">eng</subfield><subfield code="c">UNP</subfield><subfield code="d">NNX</subfield><subfield code="d">OCLCQ</subfield></datafield><datafield ind1=" " ind2=" " tag="042"><subfield code="a">msc</subfield></datafield><datafield ind1=" " ind2=" " tag="043"><subfield code="a">n-us-nv</subfield></datafield><datafield ind1=" " ind2="4" tag="050"><subfield code="a">AN2.N3</subfield><subfield code="b">D87</subfield></datafield><datafield ind1="0" ind2="0" tag="245"><subfield code="a">Dutch Creek news.</subfield></datafield><datafield ind1=" " ind2=" " tag="260"><subfield code="a">Dutch Creek, Nev. :</subfield><subfield code="b">W.S. Webster,</subfield><subfield code="c">-1907.</subfield></datafield><datafield ind1=" " ind2=" " tag="300"><subfield code="a">v.</subfield></datafield><datafield ind1=" " ind2=" " tag="310"><subfield code="a">Monthly</subfield></datafield><datafield ind1="1" ind2=" " tag="362"><subfield code="a">Began in Jan. 1907.</subfield><subfield code="z">Cf. Lingenfelter, R.E. Newspapers of Nevada.</subfield></datafield><datafield ind1="0" ind2=" " tag="362"><subfield code="a">-v. 1, no. 5 (May 1, 1907).</subfield></datafield><datafield ind1=" " ind2=" " tag="500"><subfield code="a">"The first paper published in Walker Lake Reservation."</subfield></datafield><datafield ind1=" " ind2=" " tag="500"><subfield code="a">"Claimed to be weekly, but in fact only issued every month." Cf. Lingenfelter, R.E. Newspapers of Nevada.</subfield></datafield><datafield ind1=" " ind2=" " tag="588"><subfield code="a">Description based on: Vol. 1, no. 2 (Feb. 1, 1907).</subfield></datafield><datafield ind1=" " ind2="0" tag="651"><subfield code="a">Dutch Creek (Nev.)</subfield><subfield code="v">Newspapers.</subfield></datafield><datafield ind1=" " ind2=" " tag="752"><subfield code="a">United States</subfield><subfield code="b">Nevada</subfield><subfield code="c">Esmeralda</subfield><subfield code="d">Dutch Creek.</subfield></datafield><datafield ind1=" " ind2=" " tag="752"><subfield code="a">United States</subfield><subfield code="b">Nevada</subfield><subfield code="c">Mineral</subfield><subfield code="d">Dutch Creek.</subfield></datafield><datafield ind1="1" ind2=" " tag="029"><subfield code="a">AU@</subfield><subfield code="b">000024500519</subfield></datafield></record>